<collection xmlns="http://www.loc.gov/MARC21/slim"><record><leader>00793nam  2200229   450</leader><controlfield tag="001">886</controlfield><controlfield tag="003">http://montalegre.opacnet.com/OPAC/default.aspx?ContentAreaControl=ShowRegHoldings.ascx&amp;RegNo=16662</controlfield><datafield tag="100" ind1=" " ind2=" "><subfield code="a">20061013d1982----k  y0pory0103    ba</subfield></datafield><datafield tag="101" ind1="1" ind2=" "><subfield code="a">por</subfield><subfield code="c">fre</subfield></datafield><datafield tag="102" ind1=" " ind2=" "><subfield code="a">PT</subfield></datafield><datafield tag="200" ind1="1" ind2=" "><subfield code="a">15 histórias de artes marciais</subfield><subfield code="f">Bertrand Solet</subfield><subfield code="g">il. René Follet</subfield><subfield code="g">trad. Maria Adelaide Couto Viana</subfield></datafield><datafield tag="210" ind1=" " ind2=" "><subfield code="a">Lisboa</subfield><subfield code="c">Verbo</subfield><subfield code="d">1982</subfield></datafield><datafield tag="215" ind1=" " ind2=" "><subfield code="a">234, [4] p.</subfield><subfield code="c">il.</subfield><subfield code="d">21 cm</subfield></datafield><datafield tag="225" ind1="2" ind2=" "><subfield code="a">Série 15</subfield><subfield code="v">44</subfield></datafield><datafield tag="304" ind1=" " ind2=" "><subfield code="a">Tít. orig. : 15 histoires d'arts martiaux</subfield></datafield><datafield tag="606" ind1=" " ind2=" "><subfield code="a">Artes Marciais</subfield></datafield><datafield tag="675" ind1=" " ind2=" "><subfield code="a">94</subfield></datafield><datafield tag="700" ind1=" " ind2="1"><subfield code="a">Solet</subfield><subfield code="b">Bertrand</subfield></datafield><datafield tag="702" ind1=" " ind2="1"><subfield code="a">Follet</subfield><subfield code="b">René</subfield><subfield code="4">440</subfield></datafield><datafield tag="702" ind1=" " ind2="1"><subfield code="a">Viana</subfield><subfield code="b">Maria Adelaide Couto</subfield><subfield code="f">1921-1990</subfield><subfield code="4">730</subfield></datafield><datafield tag="801" ind1=" " ind2="0"><subfield code="a">PT</subfield><subfield code="b">Biblioteca Municipal de Montalegre</subfield><subfield code="g">RPC</subfield></datafield><datafield tag="856" ind1=" " ind2=" "><subfield code="u">locateMedia.asp?cod=20060628101710&amp;ext=jpg</subfield><subfield code="z">CAPA</subfield></datafield><datafield tag="909" ind1="&#9;" ind2=" "><subfield code="a">1</subfield></datafield><datafield tag="966" ind1=" " ind2=" "><subfield code="a">0003087</subfield><subfield code="l">BMM</subfield><subfield code="s">SJ 94 SOL his 44</subfield></datafield></record></collection>